<record><leader>00000cas a2200000 a 4500</leader><controlfield tag="001">33465693</controlfield><controlfield tag="008">951110d19491974cauwr ne      0    0eng c</controlfield><datafield ind1=" " ind2=" " tag="010"><subfield code="a">sn 95062082 </subfield></datafield><datafield ind1=" " ind2=" " tag="040"><subfield code="a">CNK</subfield><subfield code="b">eng</subfield><subfield code="c">CNK</subfield><subfield code="d">OCLCQ</subfield><subfield code="d">CNK</subfield><subfield code="d">OCLCQ</subfield><subfield code="d">OCLCF</subfield><subfield code="d">OCLCO</subfield></datafield><datafield ind1="1" ind2=" " tag="029"><subfield code="a">AU@</subfield><subfield code="b">000012081784</subfield></datafield><datafield ind1=" " ind2=" " tag="042"><subfield code="a">pcc</subfield></datafield><datafield ind1=" " ind2=" " tag="043"><subfield code="a">n-us-ca</subfield></datafield><datafield ind1="0" ind2="0" tag="245"><subfield code="a">Coronado journal-compass and the Coronado citizen.</subfield></datafield><datafield ind1="1" ind2=" " tag="246"><subfield code="i">Issues sometimes published as:</subfield><subfield code="a">Coronado journal and compass and the Coronado citizen</subfield></datafield><datafield ind1="1" ind2="7" tag="246"><subfield code="a">Journal-compass</subfield></datafield><datafield ind1=" " ind2=" " tag="260"><subfield code="a">Coronado, Calif. :</subfield><subfield code="b">Millen-Priddy Pub. Co.</subfield></datafield><datafield ind1=" " ind2=" " tag="300"><subfield code="a">v.</subfield></datafield><datafield ind1=" " ind2=" " tag="310"><subfield code="a">Weekly</subfield></datafield><datafield ind1="0" ind2=" " tag="362"><subfield code="a">Vol. 37, no. 28 (July 14, 1949)-v. 61, no. 16 (Apr. 18, 1974).</subfield></datafield><datafield ind1=" " ind2=" " tag="500"><subfield code="a">"And the Coronado Citizen" appears in parentheses beneath "Coronado Journal-Compass."</subfield></datafield><datafield ind1=" " ind2=" " tag="530"><subfield code="a">Master negatives are available for duplication from:</subfield><subfield code="b">California Newspaper Microfilm Archive;</subfield><subfield code="c">positive copies may be purchased by the reel; for further information consult the CNMA at:</subfield><subfield code="u">http://cbsr.ucr.edu</subfield></datafield><datafield ind1=" " ind2="0" tag="651"><subfield code="a">Coronado (Calif.)</subfield><subfield code="v">Newspapers.</subfield></datafield><datafield ind1=" " ind2="7" tag="655"><subfield code="a">Newspapers.</subfield><subfield code="2">fast</subfield><subfield code="0">(OCoLC)fst01423814</subfield></datafield><datafield ind1=" " ind2="7" tag="651"><subfield code="a">California</subfield><subfield code="z">Coronado.</subfield><subfield code="2">fast</subfield><subfield code="0">(OCoLC)fst01209748</subfield></datafield><datafield ind1=" " ind2=" " tag="752"><subfield code="a">United States</subfield><subfield code="b">California</subfield><subfield code="c">San Diego</subfield><subfield code="d">Coronado.</subfield></datafield><datafield ind1="0" ind2="0" tag="780"><subfield code="a">Coronado journal and Coronado compass and the Coronado citizen</subfield><subfield code="w">(DLC)sn 95062081</subfield></datafield><datafield ind1="0" ind2="0" tag="785"><subfield code="t">Coronado journal</subfield><subfield code="w">(DLC)sn 98061540</subfield></datafield></record>